@article{Muller2013,
author = {M\"{u}ller, Markus and Mikoviny, Tom\'{a}\v{s} and Jud, Werner and D'Anna, Barbara and Wisthaler, Armin and Dâ€™Anna, Barbara},
doi = {10.1016/j.chemolab.2013.06.011},
file = {:D$\backslash$:/DocumentsAger/Mendeley Desktop/M\"{u}ller et al/Chemometrics and Intelligent Laboratory Systems/M\"{u}ller et al. - 2013 - A New Software Tool for the Analysis of High Resolution PTR-TOF Mass Spectra.pdf:pdf;:D$\backslash$:/DocumentsAger/Mendeley Desktop/M\"{u}ller et al/Chemometrics and Intelligent Laboratory Systems/M\"{u}ller et al. - 2013 - A New Software Tool for the Analysis of High Resolution PTR-TOF Mass Spectra.pdf:pdf;:D$\backslash$:/DocumentsAger/Mendeley Desktop/M\"{u}ller et al/Chemometrics and Intelligent Laboratory Systems/M\"{u}ller et al. - 2013 - A New Software Tool for the Analysis of High Resolution PTR-TOF Mass Spectra(2).pdf:pdf},
issn = {01697439},
journal = {Chemometrics and Intelligent Laboratory Systems},
keywords = {PTR-TOF-MS,TOF,TOF data analysis,cumulative peak fitting,iterative residual analysis,ptr-tof data analyzer},
mendeley-groups = {Work},
mendeley-tags = {TOF},
month = jun,
pages = {158--165},
publisher = {Elsevier B.V.},
title = {{A New Software Tool for the Analysis of High Resolution PTR-TOF Mass Spectra}},
url = {http://linkinghub.elsevier.com/retrieve/pii/S0169743913001275},
volume = {127},
year = {2013}
}
